<?xml version="1.0" encoding="UTF-8"?><collection xmlns="http://www.loc.gov/MARC21/slim"><record><leader>00507nam--2200181-i-4500</leader><controlfield tag="001">000001148</controlfield><controlfield tag="002">20161230</controlfield><controlfield tag="005">20161230201024</controlfield><controlfield tag="008">060222s1000------------r-----000-0-eng-d</controlfield><datafield ind1=" " ind2=" " tag="040"><subfield code="a">IFIN-HH</subfield></datafield><datafield ind1=" " ind2=" " tag="080"><subfield code="a">538.122</subfield></datafield><datafield ind1="1" ind2=" " tag="100"><subfield code="a">Good, Roland H</subfield></datafield><datafield ind1="1" ind2="0" tag="245"><subfield code="a">Classical theory of electric and magnetic fields</subfield><subfield code="c">Roland h. good; terence j. nelson</subfield></datafield><datafield ind1=" " ind2=" " tag="260"><subfield code="a">New York</subfield><subfield code="b">Academic Press</subfield><subfield code="c">1971</subfield></datafield><datafield ind1=" " ind2=" " tag="300"><subfield code="a">XIII + 637 P</subfield></datafield><datafield ind1="1" ind2=" " tag="700"><subfield code="a">Nelson, Terence J</subfield></datafield><datafield ind1=" " ind2=" " tag="852"><subfield code="a">35739</subfield><subfield code="c">537:538</subfield></datafield><datafield ind1=" " ind2=" " tag="CAT"><subfield code="a">Sys</subfield><subfield code="c">20110617</subfield><subfield code="h">114102</subfield></datafield></record></collection>